[gd_scene load_steps=28 format=2]

[ext_resource path="res://Rooms/Room1/Background.png" type="Texture" id=1]
[ext_resource path="res://Rooms/Room1/Tiles/Tiles 16x16.png" type="Texture" id=2]
[ext_resource path="res://Rooms/Room1/Lamp.tscn" type="PackedScene" id=3]
[ext_resource path="res://Player/Player.tscn" type="PackedScene" id=4]

[sub_resource type="ConvexPolygonShape2D" id=2]
points = PoolVector2Array( 16, 16, 0, 16, 0, 0, 16, 0 )

[sub_resource type="ConvexPolygonShape2D" id=3]
points = PoolVector2Array( 0, 0, 16, 0, 16, 16, 0, 16 )

[sub_resource type="ConvexPolygonShape2D" id=4]
points = PoolVector2Array( 16, 16, 0, 16, 0, 0, 16, 0 )

[sub_resource type="ConvexPolygonShape2D" id=5]
points = PoolVector2Array( 16, 16, 0, 16, 0, 0, 16, 0 )

[sub_resource type="ConvexPolygonShape2D" id=6]
points = PoolVector2Array( 16, 16, 0, 16, 0, 0, 16, 0 )

[sub_resource type="ConvexPolygonShape2D" id=7]
points = PoolVector2Array( 0, 0, 16, 0, 16, 16, 0, 16 )

[sub_resource type="ConvexPolygonShape2D" id=8]
points = PoolVector2Array( 16, 16, 0, 16, 0, 0, 16, 0 )

[sub_resource type="ConvexPolygonShape2D" id=10]
points = PoolVector2Array( 0, 0, 16, 0, 16, 16, 0, 16 )

[sub_resource type="ConvexPolygonShape2D" id=11]
points = PoolVector2Array( 16, 16, 0, 16, 0, 0, 16, 0 )

[sub_resource type="ConvexPolygonShape2D" id=12]
points = PoolVector2Array( 16, 16, 0, 16, 0, 0, 16, 0 )

[sub_resource type="ConvexPolygonShape2D" id=13]
points = PoolVector2Array( 16, 16, 0, 16, 0, 0, 16, 0 )

[sub_resource type="ConvexPolygonShape2D" id=14]
points = PoolVector2Array( 16, 16, 0, 16, 0, 0, 16, 0 )

[sub_resource type="ConvexPolygonShape2D" id=15]
points = PoolVector2Array( 16, 16, 0, 16, 0, 0, 16, 0 )

[sub_resource type="ConvexPolygonShape2D" id=16]
points = PoolVector2Array( 16, 16, 0, 16, 0, 0, 16, 0 )

[sub_resource type="ConvexPolygonShape2D" id=20]
points = PoolVector2Array( 0, 0, 16, 0, 16, 16, 0, 16 )

[sub_resource type="ConvexPolygonShape2D" id=21]
points = PoolVector2Array( 0, 0, 16, 0, 16, 16, 0, 16 )

[sub_resource type="ConvexPolygonShape2D" id=22]
points = PoolVector2Array( 16, 16, 0, 16, 0, 0, 16, 0 )

[sub_resource type="ConvexPolygonShape2D" id=17]
points = PoolVector2Array( 15.815, 8.65601, 0, 8.65601, 0, 0, 16, 0 )

[sub_resource type="ConvexPolygonShape2D" id=18]
points = PoolVector2Array( 15.8622, 8.65601, -0.184959, 8.65601, 0, 0, 16, 0 )

[sub_resource type="ConvexPolygonShape2D" id=19]
points = PoolVector2Array( 15.6769, 8.65601, -0.137764, 8.65601, 0, 0, 16, 0 )

[sub_resource type="ConvexPolygonShape2D" id=24]
points = PoolVector2Array( -64, -48, -64, -48, -64, -48, -64, -48 )

[sub_resource type="ConvexPolygonShape2D" id=23]
points = PoolVector2Array( 16, 16, 0, 16, 0, 0, 16, 0 )

[sub_resource type="TileSet" id=9]
0/name = "Tiles 16x16.png 0"
0/texture = ExtResource( 2 )
0/tex_offset = Vector2( 0, 0 )
0/modulate = Color( 1, 1, 1, 1 )
0/region = Rect2( 0, 0, 240, 96 )
0/tile_mode = 1
0/autotile/bitmask_mode = 1
0/autotile/bitmask_flags = [ Vector2( 0, 0 ), 432, Vector2( 0, 1 ), 438, Vector2( 0, 2 ), 54, Vector2( 0, 3 ), 48, Vector2( 1, 0 ), 504, Vector2( 1, 2 ), 63, Vector2( 1, 3 ), 56, Vector2( 1, 4 ), 511, Vector2( 2, 0 ), 216, Vector2( 2, 1 ), 219, Vector2( 2, 2 ), 27, Vector2( 2, 3 ), 24, Vector2( 3, 4 ), 255, Vector2( 3, 5 ), 507, Vector2( 4, 4 ), 447, Vector2( 4, 5 ), 510, Vector2( 5, 0 ), 432, Vector2( 5, 1 ), 438, Vector2( 5, 2 ), 54, Vector2( 6, 0 ), 216, Vector2( 6, 1 ), 219, Vector2( 6, 2 ), 27 ]
0/autotile/icon_coordinate = Vector2( 0, 0 )
0/autotile/tile_size = Vector2( 16, 16 )
0/autotile/spacing = 0
0/autotile/occluder_map = [  ]
0/autotile/navpoly_map = [  ]
0/autotile/priority_map = [  ]
0/autotile/z_index_map = [  ]
0/occluder_offset = Vector2( 0, 0 )
0/navigation_offset = Vector2( 0, 0 )
0/shape_offset = Vector2( 0, 0 )
0/shape_transform = Transform2D( 1, 0, 0, 1, 0, 0 )
0/shape = SubResource( 2 )
0/shape_one_way = false
0/shape_one_way_margin = 1.0
0/shapes = [ {
"autotile_coord": Vector2( 1, 0 ),
"one_way": false,
"one_way_margin": 1.0,
"shape": SubResource( 2 ),
"shape_transform": Transform2D( 1, 0, 0, 1, 0, 0 )
}, {
"autotile_coord": Vector2( 2, 0 ),
"one_way": false,
"one_way_margin": 1.0,
"shape": SubResource( 3 ),
"shape_transform": Transform2D( 1, 0, 0, 1, 0, 0 )
}, {
"autotile_coord": Vector2( 0, 1 ),
"one_way": false,
"one_way_margin": 1.0,
"shape": SubResource( 4 ),
"shape_transform": Transform2D( 1, 0, 0, 1, 0, 0 )
}, {
"autotile_coord": Vector2( 2, 1 ),
"one_way": false,
"one_way_margin": 1.0,
"shape": SubResource( 5 ),
"shape_transform": Transform2D( 1, 0, 0, 1, 0, 0 )
}, {
"autotile_coord": Vector2( 2, 2 ),
"one_way": false,
"one_way_margin": 1.0,
"shape": SubResource( 6 ),
"shape_transform": Transform2D( 1, 0, 0, 1, 0, 0 )
}, {
"autotile_coord": Vector2( 1, 2 ),
"one_way": false,
"one_way_margin": 1.0,
"shape": SubResource( 7 ),
"shape_transform": Transform2D( 1, 0, 0, 1, 0, 0 )
}, {
"autotile_coord": Vector2( 0, 2 ),
"one_way": false,
"one_way_margin": 1.0,
"shape": SubResource( 8 ),
"shape_transform": Transform2D( 1, 0, 0, 1, 0, 0 )
}, {
"autotile_coord": Vector2( 0, 0 ),
"one_way": false,
"one_way_margin": 1.0,
"shape": SubResource( 10 ),
"shape_transform": Transform2D( 1, 0, 0, 1, 0, 0 )
}, {
"autotile_coord": Vector2( 5, 0 ),
"one_way": false,
"one_way_margin": 1.0,
"shape": SubResource( 11 ),
"shape_transform": Transform2D( 1, 0, 0, 1, 0, 0 )
}, {
"autotile_coord": Vector2( 6, 0 ),
"one_way": false,
"one_way_margin": 1.0,
"shape": SubResource( 12 ),
"shape_transform": Transform2D( 1, 0, 0, 1, 0, 0 )
}, {
"autotile_coord": Vector2( 6, 1 ),
"one_way": false,
"one_way_margin": 1.0,
"shape": SubResource( 13 ),
"shape_transform": Transform2D( 1, 0, 0, 1, 0, 0 )
}, {
"autotile_coord": Vector2( 5, 1 ),
"one_way": false,
"one_way_margin": 1.0,
"shape": SubResource( 14 ),
"shape_transform": Transform2D( 1, 0, 0, 1, 0, 0 )
}, {
"autotile_coord": Vector2( 5, 2 ),
"one_way": false,
"one_way_margin": 1.0,
"shape": SubResource( 15 ),
"shape_transform": Transform2D( 1, 0, 0, 1, 0, 0 )
}, {
"autotile_coord": Vector2( 6, 2 ),
"one_way": false,
"one_way_margin": 1.0,
"shape": SubResource( 16 ),
"shape_transform": Transform2D( 1, 0, 0, 1, 0, 0 )
}, {
"autotile_coord": Vector2( 0, 3 ),
"one_way": false,
"one_way_margin": 1.0,
"shape": SubResource( 20 ),
"shape_transform": Transform2D( 1, 0, 0, 1, 0, 0 )
}, {
"autotile_coord": Vector2( 1, 3 ),
"one_way": false,
"one_way_margin": 1.0,
"shape": SubResource( 21 ),
"shape_transform": Transform2D( 1, 0, 0, 1, 0, 0 )
}, {
"autotile_coord": Vector2( 2, 3 ),
"one_way": false,
"one_way_margin": 1.0,
"shape": SubResource( 22 ),
"shape_transform": Transform2D( 1, 0, 0, 1, 0, 0 )
} ]
0/z_index = 0
1/name = "Tiles 16x16.png 1"
1/texture = ExtResource( 2 )
1/tex_offset = Vector2( 0, 0 )
1/modulate = Color( 1, 1, 1, 1 )
1/region = Rect2( 0, 96, 64, 16 )
1/tile_mode = 1
1/autotile/bitmask_mode = 1
1/autotile/bitmask_flags = [ Vector2( 0, 0 ), 48, Vector2( 1, 0 ), 56, Vector2( 2, 0 ), 24 ]
1/autotile/icon_coordinate = Vector2( 0, 0 )
1/autotile/tile_size = Vector2( 16, 16 )
1/autotile/spacing = 0
1/autotile/occluder_map = [  ]
1/autotile/navpoly_map = [  ]
1/autotile/priority_map = [  ]
1/autotile/z_index_map = [  ]
1/occluder_offset = Vector2( 0, 0 )
1/navigation_offset = Vector2( 0, 0 )
1/shape_offset = Vector2( 0, 0 )
1/shape_transform = Transform2D( 1, 0, 0, 1, 0, 0 )
1/shape = SubResource( 17 )
1/shape_one_way = false
1/shape_one_way_margin = 1.0
1/shapes = [ {
"autotile_coord": Vector2( 0, 0 ),
"one_way": false,
"one_way_margin": 1.0,
"shape": SubResource( 17 ),
"shape_transform": Transform2D( 1, 0, 0, 1, 0, 0 )
}, {
"autotile_coord": Vector2( 1, 0 ),
"one_way": false,
"one_way_margin": 1.0,
"shape": SubResource( 18 ),
"shape_transform": Transform2D( 1, 0, 0, 1, 0, 0 )
}, {
"autotile_coord": Vector2( 2, 0 ),
"one_way": false,
"one_way_margin": 1.0,
"shape": SubResource( 19 ),
"shape_transform": Transform2D( 1, 0, 0, 1, 0, 0 )
}, {
"autotile_coord": Vector2( 8, 4 ),
"one_way": false,
"one_way_margin": 1.0,
"shape": SubResource( 24 ),
"shape_transform": Transform2D( 1, 0, 0, 1, 0, 0 )
} ]
1/z_index = 0
2/name = "Tiles 16x16.png 2"
2/texture = ExtResource( 2 )
2/tex_offset = Vector2( 0, 0 )
2/modulate = Color( 1, 1, 1, 1 )
2/region = Rect2( 64, 96, 16, 16 )
2/tile_mode = 0
2/occluder_offset = Vector2( 0, 0 )
2/navigation_offset = Vector2( 0, 0 )
2/shape_offset = Vector2( 0, 0 )
2/shape_transform = Transform2D( 1, 0, 0, 1, 0, 0 )
2/shape = SubResource( 23 )
2/shape_one_way = false
2/shape_one_way_margin = 1.0
2/shapes = [ {
"autotile_coord": Vector2( 0, 0 ),
"one_way": false,
"one_way_margin": 1.0,
"shape": SubResource( 23 ),
"shape_transform": Transform2D( 1, 0, 0, 1, 0, 0 )
} ]
2/z_index = 0

[node name="Room1" type="Node2D"]

[node name="Background" type="Sprite" parent="."]
texture = ExtResource( 1 )
centered = false

[node name="Lamp2" parent="." instance=ExtResource( 3 )]
position = Vector2( 217, -58 )

[node name="Lamp" parent="." instance=ExtResource( 3 )]

[node name="Platforms" type="TileMap" parent="."]
tile_set = SubResource( 9 )
cell_size = Vector2( 16, 16 )
cell_quadrant_size = 8
cell_custom_transform = Transform2D( 16, 0, 0, 16, 0, 0 )
collision_layer = 2
format = 1
tile_data = PoolIntArray( 262152, 0, 0, 262153, 0, 1, 262154, 0, 1, 262155, 0, 2, 327686, 0, 0, 327687, 0, 1, 327688, 0, 327684, 327689, 0, 262145, 327690, 0, 262145, 327691, 0, 65542, 393222, 0, 131072, 393223, 0, 131073, 393224, 0, 131073, 393225, 0, 131073, 393226, 0, 131073, 393227, 0, 131078, 458753, 0, 196608, 458754, 0, 196609, 458755, 0, 196610, 589830, 1, 0, 589831, 1, 2, 720896, 1, 0, 720897, 1, 1, 720898, 1, 1, 720899, 1, 1, 720900, 1, 1, 720901, 1, 1, 720902, 1, 1, 720903, 1, 1, 720904, 1, 1, 720905, 1, 1, 720906, 1, 1, 720907, 1, 1, 720908, 1, 2 )

[node name="Player" parent="." instance=ExtResource( 4 )]
position = Vector2( 13, 168 )
